
@Article{liu-2012-gmd,
  AUTHOR = {Liu, X. and Easter, R. C. and Ghan, S. J. and Zaveri, R. and Rasch, P. and Shi, X. and Lamarque, J.-F. and Gettelman, A. and Morrison, H. and Vitt, F. and Conley, A. and Park, S. and Neale, R. and Hannay, C. and Ekman, A. M. L. and Hess, P. and Mahowald, N. and Collins, W. and Iacono, M. J. and Bretherton, C. S. and Flanner, M. G. and Mitchell, D.},
  TITLE = {Toward a minimal representation of aerosols in climate models: description and evaluation in the Community Atmosphere Model CAM5},
  JOURNAL = {Geoscientific Model Development},
  VOLUME = {5},
  YEAR = {2012},
  NUMBER = {3},
  PAGES = {709--739},
  URL = {https://www.geosci-model-dev.net/5/709/2012/},
  DOI = {10.5194/gmd-5-709-2012}
}

@book{seinfeld-2006-acp,
  title={Atmospheric chemistry and physics: from air pollution to climate change},
  author={Seinfeld, John H and Pandis, Spyros N},
  year={2006},
  publisher={John Wiley \& Sons}
}

@article{vehkamaki-2002-jgr,
  author = {Vehkamäki, H. and Kulmala, M. and Napari, I. and Lehtinen, K. E. J. and Timmreck, C. and Noppel, M. and Laaksonen, A.},
  title = {An improved parameterization for sulfuric acid–water nucleation rates for tropospheric and stratospheric conditions},
  journal = {Journal of Geophysical Research: Atmospheres},
  volume = {107},
  number = {D22},
  pages = {AAC 3-1-AAC 3-10},
  doi = {10.1029/2002JD002184},
  year = {2002}
}

@article{kerminen-2002-jas,
  title={Analytical formulae connecting the “real” and the “apparent” nucleation rate and the nuclei number concentration for atmospheric nucleation events},
  author={Kerminen, Veli-Matti and Kulmala, Markku},
  journal={Journal of Aerosol Science},
  volume={33},
  number={4},
  pages={609--622},
  year={2002}
}

@Article{wang-2009-acp,
  AUTHOR = {Wang, M. and Penner, J. E.},
  TITLE = {Aerosol indirect forcing in a global model with particle nucleation},
  JOURNAL = {Atmospheric Chemistry and Physics},
  VOLUME = {9},
  YEAR = {2009},
  NUMBER = {1},
  PAGES = {239--260},
  URL = {https://www.atmos-chem-phys.net/9/239/2009/},
  DOI = {10.5194/acp-9-239-2009}
}

@Article{sihto-2006-acp,
  AUTHOR = {Sihto, S.-L. and Kulmala, M. and Kerminen, V.-M. and Dal Maso, M. and Pet\"aj\"a, T. and Riipinen, I. and Korhonen, H. and Arnold, F. and Janson, R. and Boy, M. and Laaksonen, A. and Lehtinen, K. E. J.},
  TITLE = {Atmospheric sulphuric acid and aerosol formation: implications from atmospheric measurements for nucleation and early growth mechanisms},
  JOURNAL = {Atmospheric Chemistry and Physics},
  VOLUME = {6},
  YEAR = {2006},
  NUMBER = {12},
  PAGES = {4079--4091},
  URL = {https://www.atmos-chem-phys.net/6/4079/2006/},
  DOI = {10.5194/acp-6-4079-2006}
}

@article{merikanto-2007-jgr,
author = {Merikanto, J. and Napari, I. and Vehkamäki, H. and Anttila, T. and Kulmala, M.},
title = {New parameterization of sulfuric acid-ammonia-water ternary nucleation rates at tropospheric conditions},
journal = {Journal of Geophysical Research: Atmospheres},
volume = {112},
number = {D15},
pages = {},
doi = {10.1029/2006JD007977},
year = {2007}
}
