@article{Easter2004,
  title={MIRAGE: Model description and evaluation of aerosols and trace gases},
  author={Easter, Richard C and Ghan, Steven J and Zhang, Yang and Saylor, Rick D and Chapman, Elaine G and Laulainen, Nels S and Abdul-Razzak, Hayder and Leung, L Ruby and Bian, Xindi and Zaveri, Rahul A},
  journal={Journal of Geophysical Research: Atmospheres},
  volume={109},
  number={D20},
  year={2004},
  publisher={Wiley Online Library}
}

@book{Friedlander1977,
  title={Smoke, Dust and Haze: Fundamentals of Aerosol Behavior},
  author={Friedlander, Sheldon Kay},
  publisher={New York, Wiley-Interscience},
  year={1977},
  pages={333}
}

@techreport{Whitby1991,
  title={Modal Aerosol Dynamics Modeling},
  author={Whitby, Evan Ross and McMurry, PH and Shankar, U and Binkowski, FS},
  year={1991},
  institution={Computer Sciences Corp., Research Triangle Park, NC (USA)}
}

